<?xml version="1.0" encoding="UTF-8"?><collection xmlns="http://www.loc.gov/MARC21/slim"><record><leader>00512nam--2200181-i-4500</leader><controlfield tag="001">000017211</controlfield><controlfield tag="002">20161230</controlfield><controlfield tag="005">20170220005037</controlfield><controlfield tag="008">060222s1000------------r-----000-0-eng-d</controlfield><datafield ind1=" " ind2=" " tag="020"><subfield code="a">92-826-1</subfield></datafield><datafield ind1=" " ind2=" " tag="080"><subfield code="a">341.127(4):621.039.6</subfield></datafield><datafield ind1=" " ind2=" " tag="100"><subfield code="a">Colombo, Umberto</subfield></datafield><datafield ind1=" " ind2=" " tag="245"><subfield code="a">Evaluation of the community fusion programme (1984-1990)</subfield></datafield><datafield ind1=" " ind2=" " tag="260"><subfield code="a">Luxembourg</subfield><subfield code="b">Office For Official Publications Of The European Communities</subfield><subfield code="c">1990</subfield></datafield><datafield ind1=" " ind2=" " tag="300"><subfield code="a">96 p</subfield></datafield><datafield ind1=" " ind2=" " tag="490"><subfield code="v">45</subfield></datafield><datafield ind1=" " ind2=" " tag="852"><subfield code="a">80151</subfield></datafield><datafield ind1=" " ind2=" " tag="CAT"><subfield code="a">SYS</subfield><subfield code="c">20170220</subfield><subfield code="h">005037</subfield></datafield></record></collection>